<?xml version="1.0" encoding="UTF-8"?><record xmlns="http://www.loc.gov/MARC21/slim" xmlns:cinclude="http://apache.org/cocoon/include/1.0" xmlns:zs="http://www.loc.gov/zing/srw/">
  <leader>00890cz  a2200169n  4500</leader>
  <controlfield tag="001">n  80086925 </controlfield>
  <controlfield tag="003">DLC</controlfield>
  <controlfield tag="005">20120801080657.0</controlfield>
  <controlfield tag="008">800814n| acannaab           |a ana      </controlfield>
  <datafield tag="010" ind1=" " ind2=" ">
    <subfield code="a">n  80086925 </subfield>
  </datafield>
  <datafield tag="040" ind1=" " ind2=" ">
    <subfield code="a">DLC</subfield>
    <subfield code="b">eng</subfield>
    <subfield code="c">DLC</subfield>
    <subfield code="d">DLC</subfield>
  </datafield>
  <datafield tag="111" ind1="2" ind2=" ">
    <subfield code="a">International Workshop on Research Frontiers in Fertility Regulation</subfield>
    <subfield code="d">(1980 :</subfield>
    <subfield code="c">Mexico City, Mexico)</subfield>
  </datafield>
  <datafield tag="411" ind1="2" ind2=" ">
    <subfield code="w">nnaa</subfield>
    <subfield code="a">International Workshop on Research Frontiers in Fertility Regulation,</subfield>
    <subfield code="c">Mexico,</subfield>
    <subfield code="d">1980.</subfield>
  </datafield>
  <datafield tag="411" ind1="2" ind2=" ">
    <subfield code="a">Research Frontiers in Fertility Regulation, International Workshop on</subfield>
  </datafield>
  <datafield tag="411" ind1="2" ind2=" ">
    <subfield code="a">Workshop on Research Frontiers in Fertility Regulation, International</subfield>
  </datafield>
  <datafield tag="667" ind1=" " ind2=" ">
    <subfield code="a">THIS 1XX FIELD CANNOT BE USED UNDER RDA UNTIL THIS RECORD HAS BEEN REVIEWED AND/OR UPDATED</subfield>
  </datafield>
  <datafield tag="670" ind1=" " ind2=" ">
    <subfield code="a">Its Research frontiers in ... c1980:</subfield>
    <subfield code="b">cip galley 2 (an International Workshop on Research Frontiers in Fertility Regulation, 2/11-14/80, Mexico City, Mexico)</subfield>
  </datafield>
</record>